
@article{sigwart,
  title={The Stent Story: how it all started…},
  author={Sigwart, Ulrich},
  journal={European heart journal},
  volume={38},
  number={28},
  pages={2171--2172},
  year={2017},
  publisher={Oxford University Press}
}

@misc{stent_def,
    author = "Dr. Oliver Meier",
    title = "Stent",
    journal = "Qualitätskliniken.de: Das Rehaportal",
    note = {\url{https://www.qualitaetskliniken.de/behandlungen/stent/} (Abgerufen am: 05. Februar 2021, 13:58)}
}

@book{laser_cutting,
  title={Stent’s Manufacturing Field: Past, Present, and Future Prospects},
  author={Guerra, Antonio J and Ciurana, Joaquim},
  year={2018},
  publisher={IntechOpen}
}

@misc{flechtmaschine,
    author = "{Projektkoordinator: Marc Bräuner, ADMEDES GmbH}",
    title = {{Stents4Tomorrow}},
    howpublished = {\url{https://www.zukunft-der-wertschoepfung.de/de/projekte.php?PN=11051057} (Abgerufen am: 13. April 2021, 09:47)}
}

@book{flechten,
  title={Braiding technology for textiles: Principles, design and processes},
  author={Kyosev, Yordan},
  year={2014},
  publisher={Elsevier}
}

@misc{cambridge_dl,
    author = {{Cambridge Dictionary}},
    title = {deep learning},
    note = {\url{https://dictionary.cambridge.org/de/worterbuch/englisch/deep-learning} (Abgerufen am: 14. Februar 2021, 19:22)}
}

@book{Goodfellow-et-al-2016,
  title={Deep learning},
  author={Goodfellow, Ian and Bengio, Yoshua and Courville, Aaron and Bengio, Yoshua},
  volume={1},
  number={2},
  year={2016},
  publisher={MIT press Cambridge}
}

@book{Deep-Learning-mit-tf-keras-und-tfjs,
  title={Deep Learning mit TensorFlow, Keras und TensorFlow. js},
  author={Deru, Matthieu and Ndiaye, Alassane},
  year={2020},
  publisher={Rheinwerk Verlag}
}

@book{The-Perceptron,
  title={The perceptron, a perceiving and recognizing automaton Project Para},
  author={Rosenblatt, Frank},
  year={1957},
  publisher={Cornell Aeronautical Laboratory}
}

@article{hubel-wiesel,
  title={Receptive fields and functional architecture of monkey striate cortex},
  author={Hubel, David H and Wiesel, Torsten N},
  journal={The Journal of physiology},
  volume={195},
  number={1},
  pages={215--243},
  year={1968},
  publisher={Wiley Online Library}
}

@inproceedings{lenet-1,
  title={Handwritten digit recognition with a back-propagation network},
  author={LeCun, Yann and Boser, Bernhard E and Denker, John S and Henderson, Donnie and Howard, Richard E and Hubbard, Wayne E and Jackel, Lawrence D},
  booktitle={Advances in neural information processing systems},
  pages={396--404},
  year={1990}
}

@article{lenet-2,
  title={Gradient-based learning applied to document recognition},
  author={LeCun, Yann and Bottou, L{\'e}on and Bengio, Yoshua and Haffner, Patrick},
  journal={Proceedings of the IEEE},
  volume={86},
  number={11},
  pages={2278--2324},
  year={1998},
  publisher={Ieee}
}

@article{recent-advances-in-cnns,
  title={Recent advances in convolutional neural networks},
  author={Gu, Jiuxiang and Wang, Zhenhua and Kuen, Jason and Ma, Lianyang and Shahroudy, Amir and Shuai, Bing and Liu, Ting and Wang, Xingxing and Wang, Gang and Cai, Jianfei and others},
  journal={Pattern Recognition},
  volume={77},
  pages={354--377},
  year={2018},
  publisher={Elsevier}
}

@article{cnns-an-overview-and-application-in-radiology,
  title={Convolutional neural networks: an overview and application in radiology},
  author={Yamashita, Rikiya and Nishio, Mizuho and Do, Richard Kinh Gian and Togashi, Kaori},
  journal={Insights into imaging},
  volume={9},
  number={4},
  pages={611--629},
  year={2018},
  publisher={Springer}
}

@article{an-introduction-to-cnns,
  title={An introduction to convolutional neural networks},
  author={O'Shea, Keiron and Nash, Ryan},
  journal={arXiv preprint arXiv:1511.08458},
  year={2015}
}

@article{searching-for-act-functions,
  title={Searching for activation functions},
  author={Ramachandran, Prajit and Zoph, Barret and Le, Quoc V},
  journal={arXiv preprint arXiv:1710.05941},
  year={2017}
}

@article{activation-functions,
  title={Activation functions: Comparison of trends in practice and research for deep learning},
  author={Nwankpa, Chigozie and Ijomah, Winifred and Gachagan, Anthony and Marshall, Stephen},
  journal={arXiv preprint arXiv:1811.03378},
  year={2018}
}

@article{imagenet-class-w-deep-cnns,
  title={Imagenet classification with deep convolutional neural networks},
  author={Krizhevsky, Alex and Sutskever, Ilya and Hinton, Geoffrey E},
  journal={Advances in neural information processing systems},
  volume={25},
  pages={1097--1105},
  year={2012}
}

@article{elus,
  title={Fast and accurate deep network learning by exponential linear units (elus)},
  author={Clevert, Djork-Arn{\'e} and Unterthiner, Thomas and Hochreiter, Sepp},
  journal={arXiv preprint arXiv:1511.07289},
  year={2015}
}

@inproceedings{understanding-of-a-cnn,
  title={Understanding of a convolutional neural network},
  author={Albawi, Saad and Mohammed, Tareq Abed and Al-Zawi, Saad},
  booktitle={2017 International Conference on Engineering and Technology (ICET)},
  pages={1--6},
  year={2017},
  organization={Ieee}
}

@inproceedings{pmlr-v37-ioffe15,
  title={Batch normalization: Accelerating deep network training by reducing internal covariate shift},
  author={Ioffe, Sergey and Szegedy, Christian},
  booktitle={International conference on machine learning},
  pages={448--456},
  year={2015},
  organization={PMLR}
}

@inproceedings{deep-residual-learning,
  title={Deep residual learning for image recognition},
  author={He, Kaiming and Zhang, Xiangyu and Ren, Shaoqing and Sun, Jian},
  booktitle={Proceedings of the IEEE conference on computer vision and pattern recognition},
  pages={770--778},
  year={2016}
}

@inproceedings{identity-mappings-in-drn,
  title={Identity mappings in deep residual networks},
  author={He, Kaiming and Zhang, Xiangyu and Ren, Shaoqing and Sun, Jian},
  booktitle={European conference on computer vision},
  pages={630--645},
  year={2016},
  organization={Springer}
}

@inproceedings{going-deeper-with-convolutions,
  title={Going deeper with convolutions},
  author={Szegedy, Christian and Liu, Wei and Jia, Yangqing and Sermanet, Pierre and Reed, Scott and Anguelov, Dragomir and Erhan, Dumitru and Vanhoucke, Vincent and Rabinovich, Andrew},
  booktitle={Proceedings of the IEEE conference on computer vision and pattern recognition},
  pages={1--9},
  year={2015}
}

@inproceedings{inception-inceptionresnet-and-the-impact-of-residual-connections-on-learning,
  title={Inception-v4, inception-resnet and the impact of residual connections on learning},
  author={Szegedy, Christian and Ioffe, Sergey and Vanhoucke, Vincent and Alemi, Alexander},
  booktitle={Proceedings of the AAAI Conference on Artificial Intelligence},
  volume={31},
  number={1},
  year={2017}
}

@inproceedings{xception-dl-with-depthwise-sep-conv,
  title={Xception: Deep learning with depthwise separable convolutions},
  author={Chollet, Fran{\c{c}}ois},
  booktitle={Proceedings of the IEEE conference on computer vision and pattern recognition},
  pages={1251--1258},
  year={2017}
}

@inproceedings{mobilenetv2,
  title={Mobilenetv2: Inverted residuals and linear bottlenecks},
  author={Sandler, Mark and Howard, Andrew and Zhu, Menglong and Zhmoginov, Andrey and Chen, Liang-Chieh},
  booktitle={Proceedings of the IEEE conference on computer vision and pattern recognition},
  pages={4510--4520},
  year={2018}
}

@book{automatische-sichtpruefung,
  title={Automatische Sichtpr{\"u}fung: Grundlagen, Methoden und Praxis der Bildgewinnung und Bildauswertung},
  author={Beyerer, J{\"u}rgen and Le{\'o}n, Fernando Puente and Frese, Christian},
  year={2016},
  publisher={Springer-Verlag}
}

@article{adaptive-hist-eq-and-its-variations,
  title={Adaptive histogram equalization and its variations},
  author={Pizer, Stephen M and Amburn, E Philip and Austin, John D and Cromartie, Robert and Geselowitz, Ari and Greer, Trey and ter Haar Romeny, Bart and Zimmerman, John B and Zuiderveld, Karel},
  journal={Computer vision, graphics, and image processing},
  volume={39},
  number={3},
  pages={355--368},
  year={1987},
  publisher={Elsevier}
}

@inproceedings{clahe-based-enhancement-for-video,
  title={Contrast limited adaptive histogram equalization based enhancement for real time video system},
  author={Yadav, Garima and Maheshwari, Saurabh and Agarwal, Anjali},
  booktitle={2014 International Conference on Advances in Computing, Communications and Informatics (ICACCI)},
  pages={2392--2397},
  year={2014},
  organization={IEEE}
}

@misc{imagenet-leaderboard,
    title = {Image Classification on ImageNet},
    note = {\url{https://paperswithcode.com/sota/image-classification-on-imagenet} (Abgerufen am 31. März 2021, 21:22)}
}
 
 @misc{destatis,
    author    = {{Statistisches Bundesamt}}, 
    title     = {Anzahl der Gestorbenen nach Kapiteln der ICD-10 und nach Geschlecht für 2019},
    note   = {\url{https://www.destatis.de/DE/Themen/Gesellschaft-Umwelt/Gesundheit/Todesursachen/Tabellen/gestorbene_anzahl.html} (Abgerufen am: 5. März 2021, 10:12)}
}

@misc{destatis2,
    author    = {{Statistisches Bundesamt}},
    title     = {Sterbefälle durch Herz-Kreislauf-Erkrankungen insgesamt 2019},
    note   = {\url{https://www.destatis.de/DE/Themen/Gesellschaft-Umwelt/Gesundheit/Todesursachen/Tabellen/sterbefaelle-herz-kreislauf-erkrankungen-insgesamt.html} (Abgerufen am: 5. März 2021, 10:46)}
}

@article{the-history-began-from-alexnet,
  title={The history began from alexnet: A comprehensive survey on deep learning approaches},
  author={Alom, Md Zahangir and Taha, Tarek M and Yakopcic, Christopher and Westberg, Stefan and Sidike, Paheding and Nasrin, Mst Shamima and Van Esesn, Brian C and Awwal, Abdul A S and Asari, Vijayan K},
  journal={arXiv preprint arXiv:1803.01164},
  year={2018}
}

@inproceedings{fleixble-hp-cnns-for-image-classification,
  title={Flexible, high performance convolutional neural networks for image classification},
  author={Ciresan, Dan Claudiu and Meier, Ueli and Masci, Jonathan and Gambardella, Luca Maria and Schmidhuber, J{\"u}rgen},
  booktitle={Twenty-second international joint conference on artificial intelligence},
  year={2011}
}

@article{very-deep-cnns-for-large-scale-img-recognition,
  title={Very deep convolutional networks for large-scale image recognition},
  author={Simonyan, Karen and Zisserman, Andrew},
  journal={arXiv preprint arXiv:1409.1556},
  year={2014}
}

@inproceedings{visualizing-and-understanding-cnns,
  title={Visualizing and understanding convolutional networks},
  author={Zeiler, Matthew D and Fergus, Rob},
  booktitle={European conference on computer vision},
  pages={818--833},
  year={2014},
  organization={Springer}
}

@article{drn-and-weight-initialization,
  title={Deep residual networks and weight initialization},
  author={Taki, Masato},
  journal={arXiv preprint arXiv:1709.02956},
  year={2017}
}

@inproceedings{rethinking-inception-for-computer-vision,
  title={Rethinking the inception architecture for computer vision},
  author={Szegedy, Christian and Vanhoucke, Vincent and Ioffe, Sergey and Shlens, Jon and Wojna, Zbigniew},
  booktitle={Proceedings of the IEEE conference on computer vision and pattern recognition},
  pages={2818--2826},
  year={2016}
}

@article{mobilenets,
  title={Mobilenets: Efficient convolutional neural networks for mobile vision applications},
  author={Howard, Andrew G and Zhu, Menglong and Chen, Bo and Kalenichenko, Dmitry and Wang, Weijun and Weyand, Tobias and Andreetto, Marco and Adam, Hartwig},
  journal={arXiv preprint arXiv:1704.04861},
  year={2017}
}

@inproceedings{searching-for-mobilenetv3,
  title={Searching for mobilenetv3},
  author={Howard, Andrew and Sandler, Mark and Chu, Grace and Chen, Liang-Chieh and Chen, Bo and Tan, Mingxing and Wang, Weijun and Zhu, Yukun and Pang, Ruoming and Vasudevan, Vijay and others},
  booktitle={Proceedings of the IEEE/CVF International Conference on Computer Vision},
  pages={1314--1324},
  year={2019}
}

@inproceedings{efficientnet,
  title={Efficientnet: Rethinking model scaling for convolutional neural networks},
  author={Tan, Mingxing and Le, Quoc},
  booktitle={International Conference on Machine Learning},
  pages={6105--6114},
  year={2019},
  organization={PMLR}
}

@inproceedings{squeeze-and-excitation-networks,
  title={Squeeze-and-excitation networks},
  author={Hu, Jie and Shen, Li and Sun, Gang},
  booktitle={Proceedings of the IEEE conference on computer vision and pattern recognition},
  pages={7132--7141},
  year={2018}
}

@book{sammut2011encyclopedia,
  title={Encyclopedia of machine learning},
  author={Sammut, Claude and Webb, Geoffrey I},
  year={2011},
  publisher={Springer Science \& Business Media}
}

@article{adagrad,
  title={Adaptive subgradient methods for online learning and stochastic optimization.},
  author={Duchi, John and Hazan, Elad and Singer, Yoram},
  journal={Journal of machine learning research},
  volume={12},
  number={7},
  year={2011}
}

@article{rmsprop,
  title={Neural networks for machine learning lecture 6a overview of mini-batch gradient descent},
  author={Hinton, Geoffrey and Srivastava, Nitish and Swersky, Kevin},
  journal={Cited on},
  volume={14},
  number={8},
  year={2012}
}

@article{variance-red-w-sparse-grads,
  title={Variance reduction with sparse gradients},
  author={Elibol, Melih and Lei, Lihua and Jordan, Michael I},
  journal={arXiv preprint arXiv:2001.09623},
  year={2020}
}

@article{adam-paper,
  title={Adam: A method for stochastic optimization},
  author={Kingma, Diederik P and Ba, Jimmy},
  journal={arXiv preprint arXiv:1412.6980},
  year={2014}
}

@article{overfitting-mechanism-and-avoidance-in-dnl,
  title={Overfitting mechanism and avoidance in deep neural networks},
  author={Salman, Shaeke and Liu, Xiuwen},
  journal={arXiv preprint arXiv:1901.06566},
  year={2019}
}

@article{dropout,
  title={Dropout: a simple way to prevent neural networks from overfitting},
  author={Srivastava, Nitish and Hinton, Geoffrey and Krizhevsky, Alex and Sutskever, Ilya and Salakhutdinov, Ruslan},
  journal={The journal of machine learning research},
  volume={15},
  number={1},
  pages={1929--1958},
  year={2014},
  publisher={JMLR. org}
}

@article{deep-neural-network-regularization,
  title={Deep neural network regularization for feature selection in learning-to-rank},
  author={Rahangdale, Ashwini and Raut, Shital},
  journal={IEEE Access},
  volume={7},
  pages={53988--54006},
  year={2019},
  publisher={IEEE}
}

@phdthesis{farmer2005automated,
  title={Automated Vision-Based Inspection System for Stents},
  author={Farmer, Jason},
  year={2005},
  school={Worcester Polytechnic Institute}
}

@inproceedings{ibraheem2009automated,
  title={Automated Inspection System of Stent},
  author={Ibraheem, Issa and Binder, Alfred},
  booktitle={4th European Conference of the International Federation for Medical and Biological Engineering},
  pages={952--957},
  year={2009},
  organization={Springer}
}

@article{bermudez2017stent,
  title={Stent optical inspection system calibration and performance},
  author={Bermudez, Carlos and Laguarta, Ferran and Cadevall, Cristina and Matilla, Aitor and Iba{\~n}ez, Sergi and Artigas, Roger},
  journal={Applied optics},
  volume={56},
  number={9},
  pages={D134--D141},
  year={2017},
  publisher={Optical Society of America}
}

@incollection{de2011coherence,
  title={Coherence scanning interferometry},
  author={de Groot, Peter},
  booktitle={Optical measurement of surface topography},
  pages={187--208},
  year={2011},
  publisher={Springer}
}

@inproceedings{bermudez2017optical,
  title={Optical stent inspection of surface texture and coating thickness},
  author={Bermudez, Carlos and Laguarta, Ferran and Cadevall, Cristina and Matilla, Aitor and Iba{\~n}ez, Sergi and Artigas, Roger},
  booktitle={Photonic Instrumentation Engineering IV},
  volume={10110},
  pages={1011007},
  year={2017},
  organization={International Society for Optics and Photonics}
}

@inproceedings{bermudez2017automated,
  title={Automated stent defect detection and classification with a high numerical aperture optical system},
  author={Bermudez, Carlos and Laguarta, Ferran and Cadevall, Cristina and Matilla, Aitor and Iba{\~n}ez, Sergi and Artigas, Roger},
  booktitle={Automated Visual Inspection and Machine Vision II},
  volume={10334},
  pages={103340C},
  year={2017},
  organization={International Society for Optics and Photonics}
}

@article{phoenix1978mechanical,
  title={Mechanical response of a tubular braided cable with an elastic core},
  author={Phoenix, SL},
  journal={Textile Research Journal},
  volume={48},
  number={2},
  pages={81--91},
  year={1978},
  publisher={Sage Publications Sage CA: Thousand Oaks, CA}
}

@article{guyader2013analysis,
  title={Analysis of 2D and 3D circular braiding processes: Modeling the interaction between the process parameters and the pre-form architecture},
  author={Guyader, G and Gabor, A and Hamelin, P},
  journal={Mechanism and Machine Theory},
  volume={69},
  pages={90--104},
  year={2013},
  publisher={Elsevier}
}

@article{zhang1999analysis,
  title={Analysis of circular braiding process, Part 1: theoretical investigation of kinematics of the circular braiding process},
  author={Zhang, Q and Beale, D and Broughton, RM},
  year={1999}
}

@article{alpyildiz20123d,
  title={3D geometrical modelling of tubular braids},
  author={Alpyildiz, Tuba},
  journal={Textile research journal},
  volume={82},
  number={5},
  pages={443--453},
  year={2012},
  publisher={SAGE Publications Sage UK: London, England}
}

@article{hunt2019machine,
  title={A machine vision system for the braid angle measurement of tubular braided structures},
  author={Hunt, Alexander J and Carey, Jason P},
  journal={Textile Research Journal},
  volume={89},
  number={14},
  pages={2919--2937},
  year={2019},
  publisher={SAGE Publications Sage UK: London, England}
}

@article{canny1986computational,
  title={A computational approach to edge detection},
  author={Canny, John},
  journal={IEEE Transactions on pattern analysis and machine intelligence},
  number={6},
  pages={679--698},
  year={1986},
  publisher={Ieee}
}

@article{duda1972use,
  title={Use of the Hough transformation to detect lines and curves in pictures},
  author={Duda, Richard O and Hart, Peter E},
  journal={Communications of the ACM},
  volume={15},
  number={1},
  pages={11--15},
  year={1972},
  publisher={ACM New York, NY, USA}
}

@article{liu2019automatic,
  title={Automatic analysis the braiding angle of the braided fabrics using image processing},
  author={Liu, YS and Kyosev, Yordan},
  journal={Fibres and Textiles},
  volume={26},
  pages={63--68},
  year={2019}
}

@article{xiao2019surface,
  title={Surface parameters measurement of braided preform based on local edge extreme},
  author={Xiao, Zhitao and Pei, Lei and Zhang, Fang and Sun, Ying and Geng, Lei and Wu, Jun and Tong, Jun and Wen, Jia},
  journal={The Journal of The Textile Institute},
  volume={110},
  number={4},
  pages={535--542},
  year={2019},
  publisher={Taylor \& Francis}
}

@article{xiao2018measurement,
  title={Measurement of surface parameters of three-dimensional braided composite preform based on curvature scale space corner detector},
  author={Xiao, Zhitao and Pei, Lei and Zhang, Fang and Geng, Lei and Wu, Jun and Tong, Jun and Xi, Jiangtao and Ogunbona, Philip O},
  journal={Textile Research Journal},
  volume={88},
  number={23},
  pages={2641--2653},
  year={2018},
  publisher={SAGE Publications Sage UK: London, England}
}

@article{pei2019surface,
  title={Surface parameters measurement for braided composite preform based on gray projection},
  author={Pei, Lei and Xiao, Zhitao and Geng, Lei and Wu, Jun and Zhang, Fang and Sun, Ying},
  journal={Journal of Engineered Fibers and Fabrics},
  volume={14},
  pages={1558925019887621},
  year={2019},
  publisher={SAGE Publications Sage UK: London, England}
}

@article{xiao2020surface,
  title={Surface Parameter Measurement of Braided Composite Preform Based on Faster R-CNN},
  author={Xiao, Zhitao and Pei, Lei and Geng, Lei and Sun, Ying and Zhang, Fang and Wu, Jun},
  journal={Fibers and Polymers},
  volume={21},
  number={3},
  pages={590--603},
  year={2020},
  publisher={Springer}
}

@mastersthesis{houssem,
    title = {Intelligente visuelle Inspektion von Flechtmustern durch maschinelles Lernen zur Flechterkennung},
    author = {Eddine Khatrchi, Houssem},
    year = {2019},
    school = {Karlsruhe Institute of Technology},
    type = {Master's Thesis},
    note = {Institut für Technik der Informationsverarbeitung}
}

@mastersthesis{aulia,
    title = {Conceptual Comparison and Evaluation of Various Strategies for the Automated Correction of Errors in the Braiding Process of Cardiovascular Implants Based on Camera Images and Deep Learning},
    author = {Djamal, Aulia Jana},
    year = {2020},
    school = {Karlsruhe Institute of Technology},
    type={Bachelor's Thesis},
    note = {Institut für Technik der Informationsverarbeitung}
}

@mastersthesis{valentin,
    title = {Konzeptionierung eines kamerabasierten Deep Learning Systems zur automatisierten Vermessung kardiovaskulärer Implantate mit dem Ziel einer Korrektur des Flechtprozesses},
    author = {Khan-Blouki, Valentin},
    year = {2020},
    school = {Karlsruhe Institute of Technology},
    type={Bachelor's Thesis},
    note = {Institut für Technik der Informationsverarbeitung}
}

@mastersthesis{felix,
    title = {Automatische Sichtprüfung von kardiovaskulären Implantaten mit Neuronalen Netzen},
    author = {Schorle, Felix},
    year = {2020},
    school = {Karlsruhe Institute of Technology},
    type={Bachelor's Thesis},
    note = {Institut für Technik der Informationsverarbeitung}
}

@article{bradski2000opencv,
  title={OpenCV},
  author={Bradski, Gary and Kaehler, Adrian},
  journal={Dr. Dobb’s journal of software tools},
  volume={3},
  year={2000}
}

@article{jo2019effectiveness,
  title={Effectiveness of normalization pre-processing of big data to the machine learning performance},
  author={Jo, Jun-Mo},
  journal={The Journal of the Korea institute of electronic communication sciences},
  volume={14},
  number={3},
  pages={547--552},
  year={2019},
  publisher={Korea Institute of Electronic Communication Science}
}

@article{pan2009survey,
  title={A survey on transfer learning},
  author={Pan, Sinno Jialin and Yang, Qiang},
  journal={IEEE Transactions on knowledge and data engineering},
  volume={22},
  number={10},
  pages={1345--1359},
  year={2009},
  publisher={IEEE}
}

@article{goodfellow2014generative,
  title={Generative adversarial networks},
  author={Goodfellow, Ian J and Pouget-Abadie, Jean and Mirza, Mehdi and Xu, Bing and Warde-Farley, David and Ozair, Sherjil and Courville, Aaron and Bengio, Yoshua},
  journal={arXiv preprint arXiv:1406.2661},
  year={2014}
}

@inproceedings{such2020generative,
  title={Generative teaching networks: Accelerating neural architecture search by learning to generate synthetic training data},
  author={Such, Felipe Petroski and Rawal, Aditya and Lehman, Joel and Stanley, Kenneth and Clune, Jeffrey},
  booktitle={International Conference on Machine Learning},
  pages={9206--9216},
  year={2020},
  organization={PMLR}
}

@article{krizhevsky2009learning,
  title={Learning multiple layers of features from tiny images},
  author={Krizhevsky, Alex and Hinton, Geoffrey and others},
  year={2009},
  publisher={Citeseer}
}

@book{hastie2009elements,
  title={The elements of statistical learning: data mining, inference, and prediction},
  author={Hastie, Trevor and Tibshirani, Robert and Friedman, Jerome},
  year={2009},
  publisher={Springer Science \& Business Media}
}

@article{lathuiliere2019comprehensive,
  title={A comprehensive analysis of deep regression},
  author={Lathuili{\`e}re, St{\'e}phane and Mesejo, Pablo and Alameda-Pineda, Xavier and Horaud, Radu},
  journal={IEEE transactions on pattern analysis and machine intelligence},
  volume={42},
  number={9},
  pages={2065--2081},
  year={2019},
  publisher={IEEE}
}

@misc{chollet2015keras,
  title={keras},
  author={Chollet, Fran{\c{c}}ois and others},
  year={2015}
}

@inproceedings{abadi2016tensorflow,
  title={Tensorflow: A system for large-scale machine learning},
  author={Abadi, Mart{\'\i}n and Barham, Paul and Chen, Jianmin and Chen, Zhifeng and Davis, Andy and Dean, Jeffrey and Devin, Matthieu and Ghemawat, Sanjay and Irving, Geoffrey and Isard, Michael and others},
  booktitle={12th $\{$USENIX$\}$ symposium on operating systems design and implementation ($\{$OSDI$\}$ 16)},
  pages={265--283},
  year={2016}
}

@misc{amidi2018convolutional,
  title={Convolutional Neural Networks Cheat Sheet},
  author={Amidi, Afshine and Amidi, Shervine},
  year={2018},
  publisher={Stanford University. Available online: https://stanford. edu/\~{}$\{$$\}$ shervine~…}
}

@techreport{rumelhart1985learning,
  title={Learning internal representations by error propagation},
  author={Rumelhart, David E and Hinton, Geoffrey E and Williams, Ronald J},
  year={1985},
  institution={California Univ San Diego La Jolla Inst for Cognitive Science}
}

